[gd_scene load_steps=12 format=2]

[ext_resource path="res://Scripts/EnemyBullet.gd" type="Script" id=1]
[ext_resource path="res://Sprites/laser_big.png" type="Texture" id=2]
[ext_resource path="res://Sprites/Enemies/EnemyShip1/enemy_laser1.png" type="Texture" id=3]
[ext_resource path="res://Sprites/Enemies/EnemyShip1/enemy_laser2.png" type="Texture" id=4]
[ext_resource path="res://Sprites/Hit/hit1.png" type="Texture" id=5]
[ext_resource path="res://Sprites/Hit/hit2.png" type="Texture" id=6]
[ext_resource path="res://Sprites/Hit/hit3.png" type="Texture" id=7]
[ext_resource path="res://Sprites/Hit/hit4.png" type="Texture" id=8]
[ext_resource path="res://Sprites/Hit/hit5.png" type="Texture" id=9]

[sub_resource type="SpriteFrames" id=1]

animations = [ {
"frames": [ ExtResource( 2 ) ],
"loop": true,
"name": "big",
"speed": 5.0
}, {
"frames": [ ExtResource( 3 ), ExtResource( 4 ) ],
"loop": true,
"name": "basic",
"speed": 5.0
}, {
"frames": [ ExtResource( 5 ), ExtResource( 6 ), ExtResource( 7 ), ExtResource( 8 ), ExtResource( 9 ) ],
"loop": false,
"name": "hit",
"speed": 30.0
} ]

[sub_resource type="CapsuleShape2D" id=2]

custom_solver_bias = 0.0
radius = 3.0
height = 3.99246

[node name="Bullet" type="Area2D" index="0"]

input_pickable = true
gravity_vec = Vector2( 0, 1 )
gravity = 98.0
linear_damp = 0.1
angular_damp = 1.0
audio_bus_override = false
audio_bus_name = "Master"
script = ExtResource( 1 )
_sections_unfolded = [ "Collision", "Transform" ]

[node name="VisibilityNotifier2D" type="VisibilityNotifier2D" parent="." index="0"]

position = Vector2( 0, -15 )
rect = Rect2( -10, -10, 20, 20 )
_sections_unfolded = [ "Transform" ]

[node name="Sprite" type="AnimatedSprite" parent="." index="1"]

frames = SubResource( 1 )
animation = "basic"
_sections_unfolded = [ "Material", "Offset", "Transform" ]

[node name="Collider" type="CollisionShape2D" parent="." index="2"]

shape = SubResource( 2 )

[connection signal="area_entered" from="." to="." method="_on_Bullet_area_entered"]

[connection signal="screen_exited" from="VisibilityNotifier2D" to="." method="_on_VisibilityNotifier2D_screen_exited"]

[connection signal="animation_finished" from="Sprite" to="." method="_on_Sprite_animation_finished"]


